@article{Ran2013,
  doi = {10.48550/ARXIV.1012.1337},
  url = {https://arxiv.org/abs/1012.1337},
  author = {Cheng, Ran},
  keywords = {Quantum Physics (quant-ph), Mathematical Physics (math-ph), FOS: Physical sciences, FOS: Physical sciences},
  title = {Quantum Geometric Tensor (Fubini-Study Metric) in Simple Quantum System: A pedagogical Introduction},
  publisher = {arXiv},
  year = {2010},
  copyright = {arXiv.org perpetual, non-exclusive license}
}

